@misc{tamgh1,
  author    = {van Dommelen, Daniel  Owen},
  journal   = {GitHub},
  month     = {Oct},
  publisher = {TheApeMachine},
  title     = {keyword-extraction},
  url       = {https://github.com/TheApeMachine/keyword-extraction},
  year      = {2021}
}

@misc{tamyt1,
  author    = {van Dommelen, Daniel Owen},
  journal   = {YouTube},
  month     = {Dec},
  publisher = {The Ape Machine},
  title     = {Machine learning: Keyword extraction - part 1: Introduction},
  url       = {https://www.youtube.com/watch?v=ojUGNyWChHg},
  year      = {2017}
}

@misc{tamyt2,
  author    = {van Dommelen, Daniel Owen},
  journal   = {YouTube},
  month     = {Dec},
  publisher = {The Ape Machine},
  title     = {Machine learning: Keyword extraction - part 2: The dataset},
  url       = {https://www.youtube.com/watch?v=v9X3j-2p4yA},
  year      = {2017}
}

@misc{tamyt3,
  author    = {van Dommelen, Daniel Owen},
  journal   = {YouTube},
  month     = {Jan},
  publisher = {The Ape Machine},
  title     = {Machine learning: Keyword extraction - part 3: The model},
  url       = {https://www.youtube.com/watch?v=Lbi34KzFUas},
  year      = {2018}
}
