 @misc{cr1,
  journal = {Code Redirect},
  title   = {How to convert unicode accented characters to pure ASCII without accents?},
  url     = {https://coderedirect.com/questions/255859/how-to-convert-unicode-accented-characters-to-pure-ascii-without-accents}
}

 @misc{gfg1,
  journal = {GeeksforGeeks},
  month   = {Jun},
  title   = {Python - list files in a directory},
  url     = {https://www.geeksforgeeks.org/python-list-files-in-a-directory/},
  year    = {2021}
}

 @misc{u1,
  author    = {Winslow, Robin},
  journal   = {Ubuntu},
  month     = {Feb},
  publisher = {Ubuntu},
  title     = {Regex basics},
  url       = {https://ubuntu.com/blog/regex-basics},
  year      = {2021}
}
