 @misc{fcc1,
  author    = {Gray, Dave},
  journal   = {Medium},
  month     = {Apr},
  publisher = {Free Code Camp},
  title     = {Better web scraping in python with selenium, beautiful soup, and Pandas},
  url       = {https://medium.com/free-code-camp/better-web-scraping-in-python-with-selenium-beautiful-soup-and-pandas-d6390592e251},
  year      = {2018}
}
 @misc{oth1,
  author    = {Unknown},
  journal   = {DevMedia},
  publisher = {DevMedia},
  year      = {2020},
  title     = {Mineração de Texto: Análise Comparativa de Algoritmos - Revista SQL Magazine 138},
  url       = {https://www.devmedia.com.br/mineracao-de-texto-analise-comparativa-de-algoritmos-revista-sql-magazine-138/34013}
}
 @misc{oth2,
  author  = {Unknown},
  journal = {Geekboots},
  month   = {Aug},
  title   = {Classic algorithm vs ML algorithm},
  url     = {https://www.geekboots.com/story/classic-algorithm-vs-ml-algorithm},
  year    = {2019}
}
 @misc{oth3,
  author  = {Valcheva, Silvia},
  journal = {Blog For Data-Driven Business},
  month   = {May},
  title   = {Text mining algorithms list: Text classification categorization clustering},
  url     = {https://www.intellspot.com/text-mining-algorithms/},
  year    = {2020}
}
 @misc{tai1,
  author    = {Subramanian, Dhilip},
  journal   = {Medium},
  month     = {Jun},
  publisher = {Towards AI},
  title     = {Text mining in python: Steps and examples},
  url       = {https://pub.towardsai.net/text-mining-in-python-steps-and-examples-78b3f8fd913b},
  year      = {2020}
}
 @misc{taw1,
  author    = {Taracha, Roger},
  journal   = {Medium},
  month     = {Apr},
  publisher = {The Andela Way},
  title     = {Introduction to web scraping using selenium},
  url       = {https://medium.com/the-andela-way/introduction-to-web-scraping-using-selenium-7ec377a8cf72},
  year      = {2018}
}
 @misc{tds1,
  author    = {Carremans, Bert},
  journal   = {Medium},
  month     = {Jan},
  publisher = {Towards Data Science},
  title     = {Sentiment analysis with text mining},
  url       = {https://towardsdatascience.com/sentiment-analysis-with-text-mining-13dd2b33de27},
  year      = {2019}
}
 @misc{tds2,
  author    = {Chew, Joaee},
  journal   = {Medium},
  month     = {Oct},
  publisher = {Towards Data Science},
  title     = {Improving airbnb yield prediction with text mining},
  url       = {https://towardsdatascience.com/improving-airbnb-yield-prediction-with-text-mining-9472c0181731},
  year      = {2017}
}
 @misc{tds3,
  author    = {Koehrsen, Will},
  journal   = {Medium},
  month     = {May},
  publisher = {Towards Data Science},
  title     = {Web scraping, regular expressions, and data visualization: Doing it all in python},
  url       = {https://towardsdatascience.com/web-scraping-regular-expressions-and-data-visualization-doing-it-all-in-python-37a1aade7924},
  year      = {2018}
}
 @misc{tds4,
  author    = {Korstanje, Joos},
  journal   = {Medium},
  month     = {Mar},
  publisher = {Towards Data Science},
  title     = {Text mining for dummies: Text classification with python},
  url       = {https://towardsdatascience.com/text-mining-for-dummies-text-classification-with-python-98e47c3a9deb},
  year      = {2020}
}
 @misc{tds5,
  author    = {Li, Susan},
  journal   = {Medium},
  month     = {Dec},
  publisher = {Towards Data Science},
  title     = {Web scraping TripAdvisor, text mining and sentiment analysis for Hotel Reviews},
  url       = {https://towardsdatascience.com/scraping-tripadvisor-text-mining-and-sentiment-analysis-for-hotel-reviews-cc4e20aef333},
  year      = {2018}
}
 @misc{tds6,
  author    = {Parker, Kerry},
  journal   = {Medium},
  month     = {Jan},
  publisher = {Towards Data Science},
  title     = {Data science skills: Web scraping using Python},
  url       = {https://towardsdatascience.com/data-science-skills-web-scraping-using-python-d1a85ef607ed},
  year      = {2020}
}
